@article{alcaraz2019,
title={Rich vehicle routing problem with last-mile outsourcing decisions},
author={Alcaraz, Juan J and Caballero-Arnaldos, Luis and Vales-Alonso, Javier},
year={2019},
journal={Transportation Research Part E: Logistics and Transportation Review},
volume={129},
pages={263--286}
}

@misc{bell2018,
title = {Forecasting at Uber: An Introduction},
author={Bell, Franziska and Smyl, Slawek},
year={2018},
howpublished = {\url{https://eng.uber.com/forecasting-introduction/}},
note = {Accessed: 2020-10-01}
}

@article{de2006,
title={25 Years of Time Series Forecasting},
author={De Gooijer, Jan and Hyndman, Rob},
year={2006},
journal={International Journal of Forecasting},
volume={22},
number={3},
pages={443--473}
}

@article{ehmke2018,
title={Optimizing for total costs in vehicle routing in urban areas},
author={Ehmke, Jan Fabian and Campbell, Ann M and Thomas, Barrett W},
year={2018},
journal={Transportation Research Part E: Logistics and Transportation Review},
volume={116},
pages={242--265}
}

@misc{hirschberg2016,
title = {McKinsey: The changing market for food delivery},
author={Hirschberg, Carsten and Rajko, Alexander and Schumacher, Thomas
        and Wrulich, Martin},
year={2016},
howpublished = "\url{https://www.mckinsey.com/industries/high-tech/
                     our-insights/the-changing-market-for-food-delivery}",
note = {Accessed: 2020-10-01}
}

@article{hou2018,
title={Ride-matching and routing optimisation: Models and a large
       neighbourhood search heuristic},
author={Hou, Liwen and Li, Dong and Zhang, Dali},
year={2018},
journal={Transportation Research Part E: Logistics and Transportation Review},
volume={118},
pages={143--162}
}

@misc{laptev2017,
title = {Engineering Extreme Event Forecasting
         at Uber with Recurrent Neural Networks},
author={Laptev, Nikolay and Smyl, Slawek and Shanmugam, Santhosh},
year={2017},
howpublished = {\url{https://eng.uber.com/neural-networks/}},
note = {Accessed: 2020-10-01}
}

@article{masmoudi2018,
title={The dial-a-ride problem with electric vehicles and battery
       swapping stations},
author={Masmoudi, Mohamed Amine and Hosny, Manar and Demir, Emrah
        and Genikomsakis, Konstantinos N and Cheikhrouhou, Naoufel},
year={2018},
journal={Transportation research part E: logistics and transportation review},
volume={118},
pages={392--420}
}

@article{wang2018,
title={Delivering meals for multiple suppliers: Exclusive or sharing
       logistics service},
author={Wang, Zheng},
year={2018},
journal={Transportation Research Part E: Logistics and Transportation Review},
volume={118},
pages={496--512}
}